101 02601507911223344552006011330A094101GS BANK USA            YOUR COMPANY NAME      REF123AB
5225ALPHA COMPANY                       1234567890WEBECOMM ORDRJUN 20200701   1026015070000001
637111122223123456789        0000100000AB156325       JACK SMITH              0026015070000001
637111122223123456789        0000100000AB156325       JACK SMITH              0026015070000002
637111122223123456789        0000100000AB156325       JACK SMITH              0026015070000003
822500000300333366660000003000000000000000001234567890                         026015070000001
5225ALPHA COMPANY                       1234567890TELGAS BILL  JUN 20200701   1026015070000003
637111122223123456789        0000100000AB156325       JACK SMITH              0026015070000101
637111122223123456789        0000100000AB156325       JACK SMITH              0026015070000102
822500000200222244440000002000000000000000001234567890                         026015070000003
9000002000002000000050055561110000000500000000000000000 